@article{janiesch2021machine,
  title={Machine learning and deep learning},
  author={Janiesch, Christian and Zschech, Patrick and Heinrich, Kai},
  journal={Electronic Markets},
  volume={31},
  number={3},
  pages={685--695},
  year={2021},
  DOI = {10.1007/s12525-021-00475-2}
}

@online{diewi,
	author = {{Die Wirtschaftsinformatik e.V.}},
	title = {Zukunft digital gestalten},
	year = {2021},
	url =  {https://wirtschaftsinformatik.de/},
	urldate = {2021-01-01}
}

@inproceedings{herm2021symbolic,
  title={From Symbolic RPA to Intelligent RPA: Challenges for Developing and Operating Intelligent Software Robots},
  author={Herm, Lukas-Valentin and Janiesch, Christian and Reijers, Hajo and Seubert, Franz},
  editor={Polyvyanyy, Artem and Wynn, Moe Thandar and Van Looy, Amy and Reichert, Manfred},
  booktitle={19th International Conference on Business Process Management. Lecture Notes in Computer Science Vol. 12875},
  pages={289--305},
  year={2021},
  publisher={Springer},
  DOI = {10.1007/978-3-030-85469-0_19}
}

@book{hammer1993reengineering,
    title = {Reengineering the Corporation: A Manifesto for Business Revolution},
    author = {Michael Hammer and James Champy},
%    series = {},
    year = {1993},
    edition = {1st edition},
    publisher = {Harpercollins},
}