@article{LemZiv,
  author={Ziv, J. and Lempel, A.},
  journal={IEEE Transactions on Information Theory}, 
  title={A universal algorithm for sequential data compression}, 
  year={1977},
  volume={23},
  number={3},
  pages={337-343},
  keywords={},
  doi={10.1109/TIT.1977.1055714}
}

@INPROCEEDINGS{sais,
  author={Nong, Ge and Zhang, Sen and Chan, Wai Hong},
  booktitle={2009 Data Compression Conference}, 
  title={Linear Suffix Array Construction by Almost Pure Induced-Sorting}, 
  year={2009},
  volume={},
  number={},
  pages={193-202},
  keywords={Sorting;Educational institutions;Algorithm design and analysis;Data compression;Computer science;Sun;Mathematics;Data structures;Indexing;Information retrieval;Suffix array;linear time;divide-and-conquer;algorithm design},
  doi={10.1109/DCC.2009.42}}

@book{jaja,
author = {J\'{a}J\'{a}, Joseph},
title = {An introduction to parallel algorithms},
year = {1992},
isbn = {0201548569},
publisher = {Addison Wesley Longman Publishing Co., Inc.},
pages= {9-11},
}

@article{nsvpsv,
title = {Computing Longest Previous Factor in linear time and applications},
journal = {Information Processing Letters},
volume = {106},
number = {2},
pages = {75-80},
year = {2008},
issn = {0020-0190},
doi = {https://doi.org/10.1016/j.ipl.2007.10.006},
url = {https://www.sciencedirect.com/science/article/pii/S0020019007002979},
author = {Maxime Crochemore and Lucian Ilie},
keywords = {Design of algorithms, Analysis of algorithms, Strings, Suffix array, Longest common prefix, Longest previous factor, Lempel–Ziv factorization, Repetitions, Runs},
abstract = {We give two optimal linear-time algorithms for computing the Longest Previous Factor (LPF) array corresponding to a string w. For any position i in w, LPF[i] gives the length of the longest factor of w starting at position i that occurs previously in w. Several properties and applications of LPF are investigated. They include computing the Lempel–Ziv factorization of a string and detecting all repetitions (runs) in a string in linear time independently of the integer alphabet size.}
}

@article{rfp,
author = {Karp, Richard M. and Rabin, Michael O.},
title = {Efficient randomized pattern-matching algorithms},
year = {1987},
url = {https://doi.org/10.1147/rd.312.0249},
doi = {10.1147/rd.312.0249},
journal = {IBM J. Res. Dev.},
pages = {249–260}
}

@article{lzss,
author = {Storer, James A. and Szymanski, Thomas G.},
title = {Data compression via textual substitution},
year = {1982},
publisher = {Association for Computing Machinery},
address = {New York, NY, USA},
volume = {29},
number = {4},
issn = {0004-5411},
url = {https://doi.org/10.1145/322344.322346},
doi = {10.1145/322344.322346},
journal = {J. ACM},
pages = {928–951},
numpages = {24}
}

@InProceedings{ApproxLZ77,
author="Fischer, Johannes
and Gagie, Travis
and Gawrychowski, Pawe{\l}
and Kociumaka, Tomasz",
title="Approximating LZ77 via small-space multiple-pattern matching",
booktitle="23rd European Symposium on Algorithms (ESA)",
volume={9294},
pages={533-544},
year="2015",
publisher="Springer",
doi={10.1007/978-3-662-48350-3_45}
}

@misc{exactLemZiv,
  author={Ohlebusch E.}, 
  title={Lempel-Ziv Factorization: LZ77 without Window}, 
  year={2016}
}

@article{bloom,
author = {Bloom, Burton H.},
title = {Space/time trade-offs in hash coding with allowable errors},
year = {1970},
publisher = {Association for Computing Machinery},
address = {New York, NY, USA},
volume = {13},
number = {7},
issn = {0001-0782},
url = {https://doi.org/10.1145/362686.362692},
doi = {10.1145/362686.362692},
journal = {Commun. ACM},
pages = {422–426}
}

@misc{openmp,
  author = {OpenMP Architecture Review Board},
  title = {OpenMP Application Program Interface},
  year = {2021},
  url = {https://www.openmp.org/wp-content/uploads/OpenMP-API-Specification-5.2.pdf},
  note = {Version 5.2}
}

@misc{execpol,
  title={STL Execution Policy},
  note={https://en.cppreference.com/w/cpp/algorithm/execution\textunderscore policy\textunderscore tag\textunderscore t},
  year={2024}
}

@misc{oneapi,
  author={Intel},
  title={Intel oneAPI Threading Building Blocks},
  howpublished={\url{https://www.intel.com/content/www/us/en/developer/tools/oneapi/onetbb.html}},
  note={Accessed: 2024-08-15}
}

@misc{stdcont,
  title={Thread Safety of STD Containers},
  howpublished={\url{https://en.cppreference.com/w/cpp/container\#Thread\textunderscore safety}},
  note = {Accessed: 2024-08-15}
}

@misc{parallelcomputing,
  title={Sequential and Parallel Algorithms and Data Structures},
  author={Peter Sanders, Kurt Mehlhorn, Martin Dietzfelbinger, Roman Dementiev},
  howpublished={\url{https://doi.org/10.1007/978-3-030-25209-0}},
  year={2020},
  publisher={Springer Cham}
}

@book{mccool,
author = {McCool, Michael and Reinders, James and Robison, Arch},
title = {Structured Parallel Programming: Patterns for Efficient Computation},
year = {2012},
isbn = {9780123914439},
publisher = {Morgan Kaufmann Publishers Inc.},
pages = {58}
}

@misc{corpus,
key = {corpus},
title={The Pizza\& Chili Corpus},
note={https://pizzachili.dcc.uchile.cl/texts.html}
}

@misc{malloc_count,
author={Bingmann},
title={Malloc Count},
howpublished = {\url{https://github.com/ByteHamster-etc/malloc_count.git}},
note={Accessed: 2024-08-15}
}

@misc{libsais,
author={Ilya Grebnov},
title={libsais},
howpublished = {\url{https://github.com/IlyaGrebnov/libsais.git}},
note={Accessed: 2024-08-15}
}

@misc{unordered_dense,
title={Unordered Dense Hash Map},
key={unordered_dense},
howpublished = {\url{https://github.com/martinus/unordered_dense.git}},
note={Accessed: 2024-08-15}
}

@misc{sharded_map,
key={sharded_map},
title={Sharded Map},
howpublished = {\url{https://github.com/Skadic/sharded_map.git}},
note={Accessed: 2024-08-15}
}

